
@book{Li2011MeasureValued,
  address = {{Berlin, Heidelberg}},
  series = {Probability and {{Its Applications}}},
  title = {Measure-{{Valued Branching Markov Processes}}},
  isbn = {978-3-642-15003-6 978-3-642-15004-3},
  publisher = {{Springer Berlin Heidelberg}},
  author = {Li, Z.},
  year = {2011},
  file = {/Users/zhenyao/Repository/zotero/storage/GMEVR3ND/Li - 2011 - Measure-Valued Branching Markov Processes.pdf},
  doi = {10.1007/978-3-642-15004-3}
}
% == BibTeX quality report for Li2011MeasureValued:
% ? Title looks like it was stored in title-case in Zotero

@book{Dudley2002Real,
  address = {{Cambridge}},
  edition = {2},
  title = {Real {{Analysis}} and {{Probability}}},
  isbn = {978-0-511-75534-7},
  publisher = {{Cambridge University Press}},
  author = {Dudley, R. M.},
  year = {2002},
  file = {/Users/zhenyao/Repository/zotero/storage/NIBPZ6UD/Dudley - 2002 - Real analysis and probability.pdf},
  doi = {10.1017/CBO9780511755347}
}
% == BibTeX quality report for Dudley2002Real:
% ? Title looks like it was stored in title-case in Zotero


